@Manual{ANSI:1996:ANS,
  author =       "{American National Standards Institute} and
                 {Information Technology Industry Council}",
  title =        "{American National Standard for Information
                 Technology}: programming language --- {Common LISP}",
  number =       "ANSI X3.226-1994",
  organization = "American National Standards Institute",
  address =      "1430 Broadway, New York, NY 10018, USA",
  pages =        "various",
  year =         "1996",
  bibdate =      "Mon Nov 18 14:18:28 MST 1996",
  bibsource =    "http://www.math.utah.edu/pub/tex/bib/common-lisp.bib",
  note =         "Approved December 8, 1994.",
  alttitle =     "Programming language -- Common LISP",
  keywords =     "COMMON LISP (Computer program language) --
                 Standards..",
}

@article{Quipper,
 author = {Green, Alexander S. and Lumsdaine, Peter LeFanu and Ross, Neil J. and Selinger, Peter and Valiron, Beno\^{\i}t},
 title = {Quipper: A Scalable Quantum Programming Language},
 journal = {SIGPLAN Not.},
 issue_date = {June 2013},
 volume = {48},
 number = {6},
 month = jun,
 year = {2013},
 issn = {0362-1340},
 pages = {333--342},
 numpages = {10},
 url = {http://doi.acm.org/10.1145/2499370.2462177},
 doi = {10.1145/2499370.2462177},
 acmid = {2462177},
 publisher = {ACM},
 address = {New York, NY, USA},
 keywords = {quantum programming languages, quipper},
} 

@misc{Liquid,
  author = {Dave Wecker and Krysta M.~Svore},
  title = {$\mathrm{LIQU}i\vert\rangle$: {A} {S}oftware {D}esign {A}rchitecture and {D}omain-{S}pecific 
            {L}anguage for {Q}uantum {C}omputing},
  year = {2014},
  eprint = {1402.4467},
  url = {arXiv:1402.4467v1}
}

@misc{Haskell,
    author = {Simon Marlow},
    title = {{H}askell 2010 {L}anguage {R}eport},
    year = {2010},
    howpublished = {\url{https://www.haskell.org/definition/haskell2010.pdf}},
    note = {Accessed: 2016-06-21}
}

@misc{FSharp,
    author = {Don Syme and others},
    title = {{T}he {F}\# 4.0 {L}anguage {S}pecification},
    year = {2016},
    howpublished = {\url{http://fsharp.org/specs/language-spec/4.0/FSharpSpec-4.0-latest.pdf}},
    note = {Accessed: 2016-06-21}
}

@book{KnutMMIX2005,
 author = {Knuth, Donald E.},
 title = {The Art of Computer Programming, Volume 1, Fascicle 1: MMIX -- A RISC Computer for the New Millennium (Art of Computer Programming)},
 year = {2005},
 isbn = {0201853922},
 publisher = {Addison-Wesley Professional},
}

@article {Deutsch97,
	author = {Deutsch, D.},
	title = {{Q}uantum {T}heory, the {C}hurch--{T}uring {P}rinciple and the {U}niversal {Q}uantum {C}omputer},
	volume = {400},
	number = {1818},
	pages = {97--117},
	year = {1985},
	doi = {10.1098/rspa.1985.0070},
	publisher = {The Royal Society},
	abstract = {It is argued that underlying the Church-Turing hypothesis there is an implicit physical assertion. Here, this assertion is presented explicitly as a physical principle: {\textquoteleft}every finitely realizible physical system can be perfectly simulated by a universal model computing machine operating by finite means{\textquoteright}. Classical physics and the universal Turing machine, because the former is continuous and the latter discrete, do not obey the principle, at least in the strong form above. A class of model computing machines that is the quantum generalization of the class of Turing machines is described, and it is shown that quantum theory and the {\textquoteleft}universal quantum computer{\textquoteright} are compatible with the principle. Computing machines resembling the universal quantum computer could, in principle, be built and would have many remarkable properties not reproducible by any Turing machine. These do not include the computation of non-recursive functions, but they do include {\textquoteleft}quantum parallelism{\textquoteright}, a method by which certain probabilistic tasks can be performed faster by a universal quantum computer than by any classical restriction of it. The intuitive explanation of these properties places an intolerable strain on all interpretations of quantum theory other than Everett{\textquoteright}s. Some of the numerous connections between the quantum theory of computation and the rest of physics are explored. Quantum complexity theory allows a physically more reasonable definition of the {\textquoteleft}complexity{\textquoteright} or {\textquoteleft}knowledge{\textquoteright} in a physical system than does classical complexity theory.},
	issn = {0080-4630},
	journal = {Proceedings of the Royal Society of London A: Mathematical, Physical and Engineering Sciences}
}

@Misc{SciPy,
  author =    {Eric Jones and Travis Oliphant and Pearu Peterson and others},
  title =     {{SciPy}: Open source scientific tools for {Python}},
  year =      {2001--2016},
  url = "http://www.scipy.org/",
  note = {Accessed: 2016-06-21}
}

@article{PhysRevA.87.022309,
  title = {High-fidelity controlled-${\ensuremath{\sigma}}^{Z}$ gate for resonator-based superconducting quantum computers},
  author = {Ghosh, Joydip and Galiautdinov, Andrei and Zhou, Zhongyuan and Korotkov, Alexander N. and Martinis, John M. and Geller, Michael R.},
  journal = {Phys. Rev. A},
  volume = {87},
  issue = {2},
  pages = {022309},
  numpages = {19},
  year = {2013},
  month = {Feb},
  publisher = {American Physical Society},
  doi = {10.1103/PhysRevA.87.022309},
  }






@article{:/content/aip/journal/apl/99/16/10.1063/1.3653473,
   author = "Abdo, Baleegh and Schackert, Flavius and Hatridge, Michael and Rigetti, Chad and Devoret, Michel",
   title = "Josephson amplifier for qubit readout",
   journal = "Applied Physics Letters",
   year = "2011",
   volume = "99",
   number = "16",
   eid = 162506,
   pages = "",
      doi = "http://dx.doi.org/10.1063/1.3653473"
      }

@phdthesis{vijaythesis,
  author       = {Rajamani Vijayaraghavan}, 
  title        = {Josephson Bifurcation Amplifer:
Amplifying quantum signals using a dynamical bifurcation},
  school       = {Yale University},
  year         = 2008
}



@article{10.1038/nature08121,
 title = {Demonstration of two-qubit algorithms with a superconducting quantum processor},
 author = {DiCarlo, L, Chow, Jerry M and Gambetta, Jay M and Bishop, Lev S and
 Johnson, B R and  Schuster, D I and  Majer, J and  Blais, A and  Frunzio, L and
 Girvin, S M and  Schoelkopf, R J},
 journal = {Nature},
 volume = {460},
 issue = {7252},
 pages = {240},
 year = {2009},
 publisher = {Macmillan Publishers Limited. All rights reserved},
 doi = {10.1038/nature08121},
}




@article{PhysRevA.84.052313,
  title = {Quantum logic gates for superconducting resonator qudits},
  author = {Strauch, Frederick W.},
  journal = {Phys. Rev. A},
  volume = {84},
  issue = {5},
  pages = {052313},
  numpages = {9},
  year = {2011},
  month = {Nov},
  publisher = {American Physical Society},
  doi = {10.1103/PhysRevA.84.052313},
  url = {http://link.aps.org/doi/10.1103/PhysRevA.84.052313}
}




@article{siddiqi2004rf,
  title={RF-driven Josephson bifurcation amplifier for quantum measurement},
  author={Siddiqi, Irfan and Vijay, R and Pierre, F and Wilson, CM and Metcalfe, M and Rigetti, C and Frunzio, L and Devoret, MH},
  journal={Physical review letters},
  volume={93},
  number={20},
  pages={207002},
  year={2004},
  publisher={APS}
}

@article{koch2007charge,
  title={Charge-insensitive qubit design derived from the Cooper pair box},
  author={Koch, Jens and Terri, M Yu and Gambetta, Jay and Houck, Andrew A and Schuster, DI and Majer, J and Blais, Alexandre and Devoret, Michel H and Girvin, Steven M and Schoelkopf, Robert J},
  journal={Physical Review A},
  volume={76},
  number={4},
  pages={042319},
  year={2007},
  publisher={APS}
}

@phdthesis{jerrythesis,
  author       = {Jerry Chow}, 
  title        = {Quantum information processing with superconducting qubits},
  school       = {Yale University},
  year         = 2010
}

@phdthesis{vladthesis,
  author       = {V. E. Manucharyan}, 
  title        = {Superinductance},
  school       = {Yale University},
  year         = 2012
}

@article{fowler2012surface,
  title={Surface codes: Towards practical large-scale quantum computation},
  author={Fowler, Austin G and Mariantoni, Matteo and Martinis, John M and Cleland, Andrew N},
  journal={Physical Review A},
  volume={86},
  number={3},
  pages={032324},
  year={2012},
  publisher={APS}
}

@article{dennis2002topological,
  title={Topological quantum memory},
  author={Dennis, Eric and Kitaev, Alexei and Landahl, Andrew and Preskill, John},
  journal={Journal of Mathematical Physics},
  volume={43},
  number={9},
  pages={4452--4505},
  year={2002},
  publisher={AIP Publishing}
}

%%%%%%%%%%%%%%%%%%%%%EXPT%%%%%%%%%%%%%%%%%
@article{takita2016demonstration,
  title={Demonstration of weight-four parity measurements in the surface code architecture},
  author={Takita, Maika and C{\'o}rcoles, AD and Magesan, Easwar and Abdo, Baleegh and Brink, Markus and Cross, Andrew and Chow, Jerry M and Gambetta, Jay M},
  journal={arXiv preprint arXiv:1605.01351},
  year={2016}
}

@article{riste2015demonstration,
  title={Demonstration of quantum advantage in machine learning},
  author={Riste, Diego and da Silva, Marcus P and Ryan, Colm A and Cross, Andrew W and Smolin, John A and Gambetta, Jay M and Chow, Jerry M and Johnson, Blake R},
  journal={arXiv preprint arXiv:1512.06069},
  year={2015}
}

@inproceedings{chow2015characterizing,
  title={Characterizing a four-qubit planar lattice for arbitrary error detection},
  author={Chow, Jerry M and Srinivasan, Srikanth J and Magesan, Easwar and C{\'o}rcoles, AD and Abraham, David W and Gambetta, Jay M and Steffen, Matthias},
  booktitle={SPIE Sensing Technology+ Applications},
  pages={95001G--95001G},
  year={2015},
  organization={International Society for Optics and Photonics}
}

@article{barends2015digitized,
  title={Digitized adiabatic quantum computing with a superconducting circuit},
  author={Barends, R and Shabani, A and Lamata, L and Kelly, J and Mezzacapo, A and Las Heras, U and Babbush, R and Fowler, AG and Campbell, B and Chen, Yu and others},
  journal={Nature},
  volume={534},
  number={7606},
  pages={222--226},
  year={2016},
  publisher={Nature Publishing Group}
}

@article{kelly2015state,
  title={State preservation by repetitive error detection in a superconducting quantum circuit},
  author={Kelly, J and Barends, R and Fowler, AG and Megrant, A and Jeffrey, E and White, TC and Sank, D and Mutus, JY and Campbell, B and Chen, Yu and others},
  journal={Nature},
  volume={519},
  number={7541},
  pages={66--69},
  year={2015},
  publisher={Nature Publishing Group}
}

@article{riste2015detecting,
  title={Detecting bit-flip errors in a logical qubit using stabilizer measurements},
  author={Rist{\`e}, Diego and Poletto, S and Huang, M-Z and Bruno, A and Vesterinen, V and Saira, O-P and DiCarlo, L},
  journal={Nature communications},
  volume={6},
  year={2015},
  publisher={Nature Publishing Group}
}

%%%%%%%%%%%%%%%%%%%%ALGS%%%%%%%%%%%%%%%

@article{wecker2015solving,
  title={Solving strongly correlated electron models on a quantum computer},
  author={Wecker, Dave and Hastings, Matthew B and Wiebe, Nathan and Clark, Bryan K and Nayak, Chetan and Troyer, Matthias},
  journal={Physical Review A},
  volume={92},
  number={6},
  pages={062318},
  year={2015},
  publisher={APS}
}

@article{reiher2016elucidating,
  title={Elucidating Reaction Mechanisms on Quantum Computers},
  author={Reiher, Markus and Wiebe, Nathan and Svore, Krysta M and Wecker, Dave and Troyer, Matthias},
  journal={arXiv preprint arXiv:1605.03590},
  year={2016}
}

@article{farhi2014quantum,
  title={A quantum approximate optimization algorithm},
  author={Farhi, Edward and Goldstone, Jeffrey and Gutmann, Sam},
  journal={arXiv preprint arXiv:1411.4028},
  year={2014}
}m

@article{farhi2016quantum,
  title={A quantum approximate optimization algorithm},
  author={Farhi, Edward and Harrow, Aram},
  journal={arXiv preprint arXiv:1602:07674},
  year={2016}
}

@article{peruzzo2014variational,
  title={A variational eigenvalue solver on a photonic quantum processor},
  author={Peruzzo, Alberto and McClean, Jarrod and Shadbolt, Peter and Yung, Man-Hong and Zhou, Xiao-Qi and Love, Peter J and Aspuru-Guzik, Al{\'a}n and O’Brien, Jeremy L},
  journal={Nature communications},
  volume={5},
  year={2014},
  publisher={Nature Publishing Group}
}

@article{wecker2015progress,
  title={Progress towards practical quantum variational algorithms},
  author={Wecker, Dave and Hastings, Matthew B and Troyer, Matthias},
  journal={Physical Review A},
  volume={92},
  number={4},
  pages={042303},
  year={2015},
  publisher={APS}
}

@article{o2015scalable,
  title = {Scalable Quantum Simulation of Molecular Energies},
  author = {O'Malley, P. J. J. and Babbush, R. and Kivlichan, I. D. and Romero, J. and McClean, J. R. and Barends, R. and Kelly, J. and Roushan, P. and Tranter, A. and Ding, N. and Campbell, B. and Chen, Y. and Chen, Z. and Chiaro, B. and Dunsworth, A. and Fowler, A. G. and Jeffrey, E. and Lucero, E. and Megrant, A. and Mutus, J. Y. and Neeley, M. and Neill, C. and Quintana, C. and Sank, D. and Vainsencher, A. and Wenner, J. and White, T. C. and Coveney, P. V. and Love, P. J. and Neven, H. and Aspuru-Guzik, A. and Martinis, J. M.},
  journal = {Phys. Rev. X},
  volume = {6},
  issue = {3},
  pages = {031007},
  numpages = {13},
  year = {2016},
  month = {Jul},
  publisher = {American Physical Society},
  doi = {10.1103/PhysRevX.6.031007},
  url = {http://link.aps.org/doi/10.1103/PhysRevX.6.031007}
}

@article{moll2015optimizing,
  title={Optimizing Qubit Resources for Quantum Chemistry Simulations in Second Quantization on a Quantum Computer},
  author={Moll, Nikolaj and Fuhrer, Andreas and Staar, Peter and Tavernelli, Ivano},
  journal={arXiv preprint arXiv:1510.04048},
  year={2015}
}

@article{er2015computational,
  title={Computational design of molecules for an all-quinone redox flow battery},
  author={Er, S{\"u}leyman and Suh, Changwon and Marshak, Michael P and Aspuru-Guzik, Al{\'a}n},
  journal={Chemical Science},
  volume={6},
  number={2},
  pages={885--893},
  year={2015},
  publisher={Royal Society of Chemistry}
}

@article{geller2015universal,
  title={Universal quantum simulation with prethreshold superconducting qubits: Single-excitation subspace method},
  author={Geller, Michael R and Martinis, John M and Sornborger, Andrew T and Stancil, Phillip C and Pritchett, Emily J and You, Hao and Galiautdinov, Andrei},
  journal={Physical Review A},
  volume={91},
  number={6},
  pages={062309},
  year={2015},
  publisher={APS}
}

@article{mcclean2015theory,
  title={The theory of variational hybrid quantum-classical algorithms},
  author={McClean, Jarrod R and Romero, Jonathan and Babbush, Ryan and Aspuru-Guzik, Al{\'a}n},
  journal={New Journal of Physics},
  volume={18},
  number={2},
  pages={023023},
  year={2016},
  publisher={IOP Publishing}
}

@article{babbush2015chemical,
  title={Chemical basis of Trotter-Suzuki errors in quantum chemistry simulation},
  author={Babbush, Ryan and McClean, Jarrod and Wecker, Dave and Aspuru-Guzik, Al{\'a}n and Wiebe, Nathan},
  journal={Physical Review A},
  volume={91},
  number={2},
  pages={022311},
  year={2015},
  publisher={APS}
}

@incollection{green2013introduction,
  title={An introduction to quantum programming in Quipper},
  author={Green, Alexander S and Lumsdaine, Peter LeFanu and Ross, Neil J and Selinger, Peter and Valiron, Beno{\^\i}t},
  booktitle={Reversible Computation},
  pages={110--124},
  year={2013},
  publisher={Springer}
}

@article{oseledets2010approximation,
  title={Approximation of 2\^{}d$\backslash$times2\^{}d Matrices Using Tensor Decomposition},
  author={Oseledets, Ivan V},
  journal={SIAM Journal on Matrix Analysis and Applications},
  volume={31},
  number={4},
  pages={2130--2145},
  year={2010},
  publisher={SIAM}
}

@article{taube2006new,
  title={New perspectives on unitary coupled-cluster theory},
  author={Taube, Andrew G and Bartlett, Rodney J},
  journal={International journal of quantum chemistry},
  volume={106},
  number={15},
  pages={3393--3401},
  year={2006},
  publisher={Wiley Online Library}
}

@article{bauer2015hybrid,
  title={Hybrid quantum-classical approach to correlated materials},
  author={Bauer, Bela and Wecker, Dave and Millis, Andrew J and Hastings, Matthew B and Troyer, Matthias},
  journal={arXiv preprint arXiv:1510.03859},
  year={2015}
}

@article{wecker2014liqui,
  title={LIQUi|>: A Software Design Architecture and Domain-Specific Language for Quantum Computing},
  author={Wecker, Dave and Svore, Krysta M},
  journal={arXiv preprint arXiv:1402.4467},
  year={2014}
}

@inproceedings{grover1996fast,
  title={A fast quantum mechanical algorithm for database search},
  author={Grover, Lov K},
  booktitle={Proceedings of the twenty-eighth annual ACM symposium on Theory of computing},
  pages={212--219},
  year={1996},
  organization={ACM}
}

@article{ma2011quantum,
  title={Quantum simulation of the wavefunction to probe frustrated Heisenberg spin systems},
  author={Ma, Xiao-song and Dakic, Borivoje and Naylor, William and Zeilinger, Anton and Walther, Philip},
  journal={Nature Physics},
  volume={7},
  number={5},
  pages={399--405},
  year={2011},
  publisher={Nature Publishing Group}
}

@article{you2013simulating,
  title={Simulating the transverse Ising model on a quantum computer: Error correction with the surface code},
  author={You, Hao and Geller, Michael R and Stancil, PC and others},
  journal={Physical Review A},
  volume={87},
  number={3},
  pages={032341},
  year={2013},
  publisher={APS}
}

@article{ross2014optimal,
  title={Optimal ancilla-free Clifford+ T approximation of z-rotations},
  author={Ross, Neil J and Selinger, Peter},
  journal={arXiv preprint arXiv:1403.2975},
  year={2014}
}

@Article{wiebe2012quantum,
  title = {Quantum algorithm for data fitting},
  author = {Wiebe, Nathan and Braun, Daniel and Lloyd, Seth},
  journal = {Physical Review Letters},
  volume = 109,
  number = 5,
  pages = 050505,
  year = 2012,
  publisher = {APS}
}

@Article{rebentrost2014quantum,
  title = {Quantum support vector machine for big data classification},
  author = {Rebentrost, Patrick and Mohseni, Masoud and Lloyd, Seth},
  journal = {Physical Review Letters},
  volume = 113,
  number = 13,
  pages = 130503,
  year = 2014,
  publisher = {APS}
}

@Article{low2014quantum,
  title = {Quantum inference on Bayesian networks},
  author = {Low, Guang Hao and Yoder, Theodore J and Chuang, Isaac L},
  journal = {Physical Review A},
  volume = 89,
  number = 6,
  pages = 062315,
  year = 2014,
  publisher = {APS}
}

@Article{wiebe2014quantum,
  title = {Quantum nearest-neighbor algorithms for machine learning},
  author = {Wiebe, Nathan and Kapoor, Ashish and Svore, Krysta},
  journal = {Quantum Information {\&} Computation},
  year = 2015,
  volume = 15,
  number = {3 \& 4},
  pages = {0318-0358}
}

@Article{wiebe2014quantumDeepLearning,
  title = {Quantum Deep Learning},
  author = {Wiebe, Nathan and Kapoor, Ashish and Svore, Krysta M},
  journal = {arXiv preprint arXiv:1412.3489},
  year = 2014
}

@Article{wang2014quantum,
  title = {Quantum Algorithms for Curve Fitting},
  author = {Wang, Guoming},
  journal = {arXiv preprint arXiv:1402.0660},
  year = 2014
}

@inproceedings{deutsch1995universality,
  title={Universality in quantum computation},
  author={Deutsch, David and Barenco, Adriano and Ekert, Artur},
  booktitle={Proceedings of the Royal Society of London A: Mathematical, Physical and Engineering Sciences},
  volume={449},
  number={1937},
  pages={669--677},
  year={1995},
  organization={The Royal Society}
}

@article{barenco1995elementary,
  title={Elementary gates for quantum computation},
  author={Barenco, Adriano and Bennett, Charles H and Cleve, Richard and DiVincenzo, David P and Margolus, Norman and Shor, Peter and Sleator, Tycho and Smolin, John A and Weinfurter, Harald},
  journal={Physical review A},
  volume={52},
  number={5},
  pages={3457},
  year={1995},
  publisher={APS}
}

@book{nielsen2010quantum,
  title={Quantum computation and quantum information},
  author={Nielsen, Michael A and Chuang, Isaac L},
  year={2010},
  publisher={{C}ambridge {U}niversity {P}ress}
}

@manual{ieee754,
note={Note: Standard 754--1985},
title={{IEEE standard for binary floating-point arithmetic}},
booktitle={{IEEE standard for binary floating-point arithmetic}},
publisher={Institute of Electrical and Electronics Engineers},
address={New York},
year={1985}
}

@manual{json,
	Date-Added = {2013-11-13 05:47:55 +0000},
	Date-Modified = {2013-11-13 06:00:10 +0000},
	Edition = {First},
	Location = {Rue du Rh{\^o}ne Gen{\`e}ve, Switzerland},
	Month = {October},
	Publisher = {ECMA International},
	Title = {The JSON Data Interchange Format},
	Titleaddon = {ECMA-404 (RFC 4627)},
	Url = {http://www.ecma-international.org/publications/files/ECMA-ST/ECMA-404.pdf},
	Urldate = {2013-11-12},
	Year = {2013}}

@book{aaronson2013quantum,
  title={Quantum computing since Democritus},
  author={Aaronson, Scott},
  year={2013},
  publisher={Cambridge University Press}
}

@article{haner2016software,
  title={A software methodology for compiling quantum programs},
  author={H{\"a}ner, Thomas and Steiger, Damian S and Svore, Krysta and Troyer, Matthias},
  journal={arXiv preprint arXiv:1604.01401},
  year={2016}
}

@article{haner2016high,
  title={High Performance Emulation of Quantum Circuits},
  author={H{\"a}ner, Thomas and Steiger, Damian S and Smelyanskiy, Mikhail and Troyer, Matthias},
  journal={arXiv preprint arXiv:1604.06460},
  year={2016}
}

@article{smelyanskiy2016qhipster,
  title={qHiPSTER: the quantum high performance software testing environment},
  author={Smelyanskiy, Mikhail and Sawaya, Nicolas PD and Aspuru-Guzik, Al{\'a}n},
  journal={arXiv preprint arXiv:1601.07195},
  year={2016}
}

@article{svore2006layered,
  title={A layered software architecture for quantum computing design tools},
  author={Svore, Krysta Marie and Aho, Alfred V and Cross, Andrew W and Chuang, Isaac and Markov, Igor L},
  journal={IEEE Computer},
  volume={39},
  number={1},
  pages={74--83},
  year={2006}
}

@article{javadiabhari2015scaffcc,
  title={ScaffCC: Scalable compilation and analysis of quantum programs},
  author={JavadiAbhari, Ali and Patil, Shruti and Kudrow, Daniel and Heckey, Jeff and Lvov, Alexey and Chong, Frederic T and Martonosi, Margaret},
  journal={Parallel Computing},
  volume={45},
  pages={2--17},
  year={2015},
  publisher={Elsevier}
}

@phdthesis{OmerB:strqp,
author = {Bernhard \"Omer},
title={Structured Quantum Programming},
school={Technical University of Vienna},
url={http://tph.tuwien.ac.at/~oemer/doc/structquprog.pdf},
year={2003}}

@misc{qclweb,
    author = {Bernhard \"Omer},
    title = {{QCL} - {A} {P}rogramming {L}anguage for {Q}uantum {C}omputers},
    year = {2014},
    howpublished = {\url{http://tph.tuwien.ac.at/~oemer/qcl.html}},
    note = {Accessed: 2016-06-30}
}

@article{selinger2006lambda,
  title={A lambda calculus for quantum computation with classical control},
  author={Selinger, Peter and Valiron, Benoit},
  journal={Mathematical Structures in Computer Science},
  volume={16},
  number={03},
  pages={527--552},
  year={2006},
  publisher={Cambridge Univ Press}
}

@article{mccarthy1960recursive,
  title={Recursive functions of symbolic expressions and their computation by machine, Part I},
  author={McCarthy, John},
  journal={Communications of the ACM},
  volume={3},
  number={4},
  pages={184--195},
  year={1960},
  publisher={ACM}
}

 @InProceedings{LLVM:CGO04,
 author    = {Chris Lattner and Vikram Adve},
 title     = "{LLVM: A Compilation Framework for Lifelong Program Analysis \& Transformation}",
 booktitle = "{Proceedings of the 2004 International Symposium on Code Generation and Optimization (CGO'04)}",
 address   = {Palo Alto, California},
 month     = {Mar},
 year      = {2004}
}
  
@misc{Clang:URL, 
   author = "{Clang developers}", 
   title = "clang: a {C} language family frontend for {LLVM}", 
   howpublished = {\url{http://clang.llvm.org/}},
   note = {Accessed: 2016-06-30} 
}

@techreport{abhari2012scaffold,
  title={Scaffold: Quantum programming language},
  author={Abhari, Ali J and Faruque, Arvin and Dousti, Mohammad J and Svec, Lukas and Catu, Oana and Chakrabati, Amlan and Chiang, Chen-Fu and Vanderwilt, Seth and Black, John and Chong, Fred},
  year={2012},
  institution={DTIC Document}
}

@misc{circqasm,
  title={Quantum circuit viewer: qasm2circ},
  author="{MIT Quanta Group}",
  howpublished = {\url{http://www.media.mit.edu/quanta/qasm2circ/}},
  note = {Accessed: 2016-06-30}
}

@misc{qasmtools,
  title={{qasm-tools}},
  author="{MIT Quanta Group}",
  howpublished = {http://www.media.mit.edu/qua nta/quanta-web/projects/qasm-tools/},
  note = {Accessed: 2016-06-30}
}

@phdthesis{chow2010quantum,
  title={Quantum information processing with superconducting qubits},
  author={Chow, Jerry Moy},
  year={2010},
  school={Yale University}
}

@book{kandr,
 author = {Kernighan, Brian W.},
 editor = {Ritchie, Dennis M.},
 title = {The  C Programming Language},
 year = {1988},
 isbn = {0131103709},
 edition = {2nd},
 publisher = {Prentice Hall Professional Technical Reference},
} 

@book{stdml,
 author = {Milner, Robin and Tofte, Mads and Macqueen, David},
 title = {The  Definition of Standard ML},
 year = {1997},
 isbn = {0262631814},
 publisher = {MIT Press},
 address = {Cambridge, MA, USA},
} 

@Misc{pyQuil,
  author =    {{Rigetti Computing}},
  title =     {{pyQuil}},
  year =      {2016},
  url = "https://github.com/rigetticomputing/pyQuil",
  note = {Accessed: 2016-08-10}
}

@article{Allen:1970:CFA:390013.808479,
 author = {Allen, Frances E.},
 title = {Control Flow Analysis},
 journal = {SIGPLAN Not.},
 issue_date = {July 1970},
 volume = {5},
 number = {7},
 month = jul,
 year = {1970},
 issn = {0362-1340},
 pages = {1--19},
 numpages = {19},
 url = {http://doi.acm.org/10.1145/390013.808479},
 doi = {10.1145/390013.808479},
 acmid = {808479},
 publisher = {ACM},
 address = {New York, NY, USA},
} 

@article{cooley1965algorithm,
  title={An algorithm for the machine calculation of complex Fourier series},
  author={Cooley, James W and Tukey, John W},
  journal={Mathematics of computation},
  volume={19},
  number={90},
  pages={297--301},
  year={1965},
  publisher={JSTOR}
}

@article{McKeeman:1965:PO:364995.365000,
 author = {McKeeman, W. M.},
 title = {Peephole Optimization},
 journal = {Commun. ACM},
 issue_date = {July 1965},
 volume = {8},
 number = {7},
 month = jul,
 year = {1965},
 issn = {0001-0782},
 pages = {443--444},
 numpages = {2},
 url = {http://doi.acm.org/10.1145/364995.365000},
 doi = {10.1145/364995.365000},
 acmid = {365000},
 publisher = {ACM},
 address = {New York, NY, USA},
} 
